@article{fama1997,
  title={Industry costs of equity},
  author={Fama, Eugene F and French, Kenneth R},
  journal={Journal of financial economics},
  volume={43},
  number={2},
  pages={153--193},
  year={1997},
  publisher={Elsevier}
}


@article{grinold2000,
  title={Active portfolio management},
  author={Grinold, Richard C and Kahn, Ronald N},
  year={2000},
  publisher={McGraw Hill New York, NY}
}

@ARTICLE{Flannery,
title = {Macroeconomic Factors Do Influence Aggregate Stock Returns},
author = {Flannery, Mark and Protopapadakis, Aris A.},
year = {2002},
journal = {Review of Financial Studies},
volume = {15},
number = {3},
pages = {751-782},
publisher={Oxford University Press}
}


  @Manual{Texevier,
    title = {{Texevier}: {P}ackage to create Elsevier templates for Rmarkdown},
    author = {N.F. Katzke},
    organization = {Bureau for Economic Research},
    address = {Stellenbosch, South Africa},
    note = {version 0.1.2},
    year = {2017},
  }

 @misc{FTSE, 
title={Factsheet (ZAR) FTSE/JSE top 40 index}, 
url={https://research.ftserussell.com/Analytics/Factsheets/Home/DownloadSingleIssue?issueName=J200&amp;IsManual=false}, 
publisher={FTSE Russell}
} 
